@misc{queue,
author = {},
title = {Facebook Folly one producer one consumer queue},
year = {2019 (accessed August 27, 2019)},
howpublished={\url{https://github.com/facebook/folly/blob/master/folly/ProducerConsumerQueue.h}}
}
@misc{follyRW,
author = {},
title = {Facebook Folly reader writer lock},
year = {2019 (accessed August 27, 2019)},
howpublished={\url{https://github.com/facebook/folly/blob/master/folly/RWSpinLock.h}}
}


@misc{serialExec,
author = {},
title = {Facebook Folly serial executor},
year = {2019 (accessed August 27, 2019)},
howpublished={\url{https://github.com/facebook/folly/blob/master/folly/executors/SerialExecutor.cpp}}
}

@misc{glibcRW,
author = {},
title = {Glibc pthread reader-writer lock},
year = {2019 (accessed August 27, 2019)},
howpublished={\url{https://sourceware.org/git/?p=glibc.git;a=blob;f=nptl/pthread_rwlock_common.c;h=8db861fdcb49f6d5a3fba6df151af8d38512d131;hb=HEAD}}
}


@inproceedings{viper,
 author = {P. M{\"u}ller and M. Schwerhoff and A. J. Summers},
 title = {Viper: A Verification Infrastructure for Permission-Based Reasoning},
 booktitle = {Verification, Model Checking, and Abstract Interpretation (VMCAI)},
 editor = {B. Jobstmann and K. R. M. Leino},
 year = {2016},
 publisher = {Springer-Verlag},
 series = {LNCS},
 pages = {41-62},
 volume = {9583},
}


 
@inproceedings{rslViper,
 author = {A. J. Summers and P. M\"uller},
 title = {Automating Deductive Verification for Weak-Memory Programs},
 booktitle = {Tools and Algorithms for the Construction and Analysis of Systems (TACAS)},
 year = {2018},
 series = {LNCS},
 publisher = {Springer-Verlag},
 pages = {190--209},
}
 
@article{LamportSC,
 author = {Lamport, Leslie},
 title = {How to Make a Correct Multiprocess Program Execute Correctly on a Multiprocessor},
 journal = {IEEE Trans. Comput.},
 issue_date = {July 1997},
 volume = {46},
 number = {7},
 month = jul,
 year = {1997},
 issn = {0018-9340},
 pages = {779--782},
 numpages = {4},
 url = {https://doi.org/10.1109/12.599898},
 doi = {10.1109/12.599898},
 acmid = {262522},
 publisher = {IEEE Computer Society},
 address = {Washington, DC, USA},
 keywords = {Concurrency, memory consistency, multiprocessor, synchronization, verification.},
} 

@misc{gaurav,
   author = {Parthasarathy, Gaurav},
   title = {Applying and Extending the Weak-Memory Logic {FSL++}},
   howpublished = {Research in Computer Science Project, ETH Z\"urich, 2017},
   institution = {ETH Zurich},
}

@mastersthesis{pascal,
   author = {Wiesmann, Pascal},
   title = {Deductive Verification of Real-World {C}++ Weak-Memory Programs},
   school = {ETH Z\"urich},
   year = {2019}
}

@article{promising,
 author = {Kang, Jeehoon and Hur, Chung-Kil and Lahav, Ori and Vafeiadis, Viktor and Dreyer, Derek},
 title = {A Promising Semantics for Relaxed-memory Concurrency},
 journal = {SIGPLAN Not.},
 issue_date = {January 2017},
 volume = {52},
 number = {1},
 month = jan,
 year = {2017},
 issn = {0362-1340},
 pages = {175--189},
 numpages = {15},
 url = {http://doi.acm.org/10.1145/3093333.3009850},
 doi = {10.1145/3093333.3009850},
 acmid = {3009850},
 publisher = {ACM},
 address = {New York, NY, USA},
 keywords = {C++11, Weak memory models, operational semantics},
} 

@inproceedings{fsl,
  title={Tackling real-life relaxed concurrency with {FSL++}},
  author={Doko, Marko and Vafeiadis, Viktor},
  booktitle={European Symposium on Programming (ESOP)},
  pages={448--475},
  year={2017},
  organization={Springer}
}


@manual{C11,
    title = {C11 Standard},
    keywords = {C,book.computers,ebook},
    author = {ISO},
    note = {ISO/IEC 9899:2011},
    url = {/bib/iso/C11/n1570.pdf},
    year = {2011},
}
